@ARTICLE{argon1,
  author="Argon, A. S. and Im, J.  and Safoglu, R.",
  title="Cavity formation from inclusions in ductile fracture",
  journal="Met. Trans.",
  volume="6A",
  pages="825--837",
  year=1975,
}
@BOOK{hillbook,
  author="Hill, R.",
  title="The Mathematical Theory of Plasticity",
  series="Oxford Classic Texts in the Physical Sciences",
  publisher="Oxford University Press",
  address="New York",
  year=1998,
}
@ARTICLE{hill7,
  author="Hill, R.  and Havner, K. S.",
  title="Perspectives in the mechanics of elastoplastic crystals",
  journal="J. Mech. Phys. Solids",
  volume=30,
  pages="5--22",
  year=1982,
}
@INCOLLECTION{antmanrod,
  author="Antman, S. S.",
  title="The theory of rods",
  booktitle="Handbuch der Physik, Bd. VIa/2; editor C. Truesdell",
  editor="S.  Fluegge",
  publisher="Springer-Verlag",
  address="Berlin",
  pages="641--703",
  year=1972,
}
@ARTICLE{anandspitzig,
  author="Anand, L.  and Spitzig, W. A.",
  title="Initiation of localized shear bands in plane strain",
  journal="J. Mech. Phys. Solids",
  volume=28,
  pages="113--128",
  year=1980,
}
@ARTICLE{Asaro,
  author="Asaro, R. J.",
  title="Geometrical effects in the inhomogeneous deformation of ductile single crystals",
  journal="Acta Met.",
  volume=27,
  pages="445--453",
  year=1979,
}
@ARTICLE{Belytschko6,
  author="Belytschko, T.  and Hsieh, B. J.",
  title="Non-linear transient finite element analysis with convected coordinates",
  journal="Int. J. for Num. Meth. in Eng.",
  volume=7,
  pages="255--271",
  year=1973,
}
@INCOLLECTION{Drucker,
  author="Drucker, D. C.",
  title="Plasticity",
  booktitle="Structural Mechanics - Proc. 1st Symposium on Naval Structural Mechanics , Pergamon Press",
  editor="J. N.  Goodier and N. J.  Hoff",
  pages="407--455",
  year=1960,
  publisher="?????",
  address="?????",
}
@ARTICLE{eshelby,
  author="Eshelby, J. D.",
  title="The elastic field outside an ellipsoidal inclusion",
  journal="Proc. Roy. Soc. London",
  volume=A252,
  pages="561--569",
  year=1959,
}
@ARTICLE{hashinandshtrikman,
  author="Hashin, Z.  and Shtrikman, S.",
  title="On some variational principles in anisotropic and nonhomogeneous elasticity",
  journal="J. Mech. Phys. Solids",
  volume=10,
  pages="335--342",
  year=1962,
}
@ARTICLE{havner,
  author="Havner, K. S.",
  title="A theoretical analysis of finitely-deforming f.c.c. crystals in the 6-fold symmetry position",
  journal="Proc. Roy. Soc. London",
  volume="A378",
  pages="329--349",
  year=1981,
}
@INCOLLECTION{mura0,
  author="Mura, T.",
  title="Individual dislocations and continuum mechanics",
  booktitle="Inelastic Behavior of Solids , Battel Inst. Mater. Sci. Colloq., McGraw-Hill",
  editor="M. F.  Kanninen et al. ",
  pages="211--230",
  year=1970,
  publisher="?????",
  address="?????",
}
@ARTICLE{jrice2,
  author="Rice, J. R.",
  title="Inelastic constitutive relaions for solids: An internal-variable theory and its application to metal plasticity",
  journal="J. Mech. Phys. Solids",
  volume=19,
  pages="433--455",
  year=1971,
}
